@article{example,
    author = "Author1, A1 and Author2, A2 and others",
    title = "{the title}",
    eprint = "0000.11111",
    archivePrefix = "arXiv",
    primaryClass = "physics.ins-det",
    reportNumber = "FERMILAB-PUB-XXXX",
    doi = "10.1038/hslaoths1ap",
    journal = "The Journal",
    volume = "4",
    pages = "154--161",
    year = "2022"
}